<?xml version="1.0" encoding="UTF-8"?><record xmlns="http://www.loc.gov/MARC21/slim" xmlns:cinclude="http://apache.org/cocoon/include/1.0" xmlns:zs="http://www.loc.gov/zing/srw/">
  <leader>00479nz  a2200145n  4500</leader>
  <controlfield tag="001">no2009166789</controlfield>
  <controlfield tag="003">DLC</controlfield>
  <controlfield tag="005">20091021075603.0</controlfield>
  <controlfield tag="008">091019n| acannaabn          |n aaa     c</controlfield>
  <datafield tag="010" ind1=" " ind2=" ">
    <subfield code="a">no2009166789</subfield>
  </datafield>
  <datafield tag="035" ind1=" " ind2=" ">
    <subfield code="a">(OCoLC)oca08276309</subfield>
  </datafield>
  <datafield tag="040" ind1=" " ind2=" ">
    <subfield code="a">NdU</subfield>
    <subfield code="b">eng</subfield>
    <subfield code="c">NdU</subfield>
  </datafield>
  <datafield tag="100" ind1="1" ind2=" ">
    <subfield code="a">Shabb, Cynthia H.</subfield>
  </datafield>
  <datafield tag="670" ind1=" " ind2=" ">
    <subfield code="a">The graduate dean as guardian of standards and academic excellence, 2004:</subfield>
    <subfield code="b">(Cynthia H. Shabb)</subfield>
  </datafield>
  <datafield tag="670" ind1=" " ind2=" ">
    <subfield code="a">University of North Dakota directory, 2003-2004:</subfield>
    <subfield code="b">p. 217 (Cynthia H. Shabb)</subfield>
  </datafield>
</record>